Alignment free face recognition
@inproceedings{liao2011,
  title={Partial face recognition: An alignment free approach},
  author={Liao, Shengcai and Jain, Anil K},
  booktitle={Biometrics (IJCB), 2011 International Joint Conference on},
  pages={1--8},
  year={2011},
  organization={IEEE}
}

Alignment free sift descriptor
@article{morel2009asift,
  title={ASIFT: A new framework for fully affine invariant image comparison},
  author={Morel, Jean-Michel and Yu, Guoshen},
  journal={SIAM Journal on Imaging Sciences},
  volume={2},
  number={2},
  pages={438--469},
  year={2009},
  publisher={Society for Industrial and Applied Mathematics}
}

Review of face recognition from video
@misc{barr2012,
  title={Face recognition from video: A review},
  author={BARR, JEREMIAH R and BOWYER, KEVIN W and FLYNN, PATRICK J and BISWAS, SOMA},
  publisher={submitted}
}

About getting features of the important parts
@book{lee2008foreground,
  title={Foreground focus: Finding meaningful features in unlabeled images},
  author={Lee, Yong Jae and Grauman, Kristen},
  year={2008},
  publisher={Computer Science Department, University of Texas at Austin}
}

Affine-SIFT approach
@inproceedings{Wu2012,
 author = {Wu, Lifang and Zhou, Peng and Liu, Shuqin and Zhang, Xiuzhen and Trucco, Emanuele},
 title = {A face authentication scheme based on Affine-SIFT (ASIFT) and structural similarity (SSIM)},
 booktitle = {Proceedings of the 7th Chinese conference on Biometric Recognition},
 series = {CCBR'12},
 year = {2012},
 isbn = {978-3-642-35135-8},
 location = {Guangzhou, China},
 pages = {25--32},
 numpages = {8},
 url = {http://dx.doi.org/10.1007/978-3-642-35136-5_4},
 doi = {10.1007/978-3-642-35136-5_4},
 acmid = {2436704},
 publisher = {Springer-Verlag},
 address = {Berlin, Heidelberg},
 keywords = {affine-SIFT, face authentication, structural similarity},
} 
